@Article{Jingrui2015,
  author        = {J. Xie and T. Hong and T. Laing and C. Kang},
  title         = {On Normality Assumption in Residual Simulation for Probabilistic Load Forecasting},
  journal       = {IEEE Transactions on Smart Grid},
  year          = {2017},
  volume        = {8},
  number        = {3},
  pages         = {1046-1053},
  month         = {May},
  issn          = {1949-3053},
  bdsk-url-1    = {http://dx.doi.org/10.1109/TSG.2015.2447007},
  date-added    = {2017-07-20 12:58:18 +0000},
  date-modified = {2017-07-20 12:58:29 +0000},
  doi           = {10.1109/TSG.2015.2447007},
}

@Article{Bidong,
  author        = {B. Liu and J. Nowotarski and T. Hong and R. Weron},
  title         = {Probabilistic Load Forecasting via Quantile Regression Averaging on Sister Forecasts},
  journal       = {IEEE Transactions on Smart Grid},
  year          = {2017},
  volume        = {8},
  number        = {2},
  pages         = {730-737},
  month         = {March},
  issn          = {1949-3053},
  bdsk-url-1    = {http://dx.doi.org/10.1109/TSG.2015.2437877},
  date-added    = {2017-07-20 11:20:53 +0000},
  date-modified = {2017-07-20 11:21:08 +0000},
  doi           = {10.1109/TSG.2015.2437877},
}

@Article{Gaillard,
  author        = {Pierre Gaillard and Yannig Goude and Rapha{\"e}l Nedellec},
  title         = {Additive models and robust aggregation for GEFCom2014 probabilistic electric load and electricity price forecasting},
  journal       = {International Journal of Forecasting},
  year          = {2016},
  volume        = {32},
  number        = {3},
  pages         = {1038 - 1050},
  issn          = {0169-2070},
  bdsk-url-1    = {http://www.sciencedirect.com/science/article/pii/S0169207015001545},
  bdsk-url-2    = {http://dx.doi.org/10.1016/j.ijforecast.2015.12.001},
  date-added    = {2017-07-11 08:37:36 +0000},
  date-modified = {2017-07-20 13:05:54 +0000},
}

@Article{Jingrui2016,
  author        = {Jingrui Xie and Tao Hong},
  title         = {GEFCom2014 probabilistic electric load forecasting: An integrated solution with forecast combination and residual simulation},
  journal       = {International Journal of Forecasting},
  year          = {2016},
  volume        = {32},
  number        = {3},
  pages         = {1012 - 1016},
  issn          = {0169-2070},
  bdsk-url-1    = {http://www.sciencedirect.com/science/article/pii/S0169207015001405},
  bdsk-url-2    = {http://dx.doi.org/10.1016/j.ijforecast.2015.11.005},
  date-added    = {2017-07-20 12:56:19 +0000},
  date-modified = {2017-07-20 12:56:35 +0000},
}

@Article{Mangalova,
  author        = {Ekaterina Mangalova and Olesya Shesterneva},
  title         = {Sequence of nonparametric models for GEFCom2014 probabilistic electric load forecasting},
  journal       = {International Journal of Forecasting},
  year          = {2016},
  volume        = {32},
  number        = {3},
  pages         = {1023 - 1028},
  issn          = {0169-2070},
  bdsk-url-1    = {http://www.sciencedirect.com/science/article/pii/S0169207015001363},
  bdsk-url-2    = {http://dx.doi.org/10.1016/j.ijforecast.2015.11.001},
  date-added    = {2017-07-21 11:23:01 +0000},
  date-modified = {2017-07-21 11:23:18 +0000},
  doi           = {http://dx.doi.org/10.1016/j.ijforecast.2015.11.001},
  keywords      = {Sequence of estimators},
}

@Article{Tao2014,
  author        = {T. Hong and J. Wilson and J. Xie},
  title         = {Long Term Probabilistic Load Forecasting and Normalization With Hourly Information},
  journal       = {IEEE Transactions on Smart Grid},
  year          = {2014},
  volume        = {5},
  number        = {1},
  pages         = {456-462},
  month         = {Jan},
  issn          = {1949-3053},
  bdsk-url-1    = {http://dx.doi.org/10.1109/TSG.2013.2274373},
  date-added    = {2017-07-20 12:57:14 +0000},
  date-modified = {2017-07-20 13:06:02 +0000},
  doi           = {10.1109/TSG.2013.2274373},
}

@Article{Kirschen,
  author        = {D. S. Kirschen},
  title         = {Demand-side view of electricity markets},
  journal       = {IEEE Transactions on Power Systems},
  year          = {2003},
  volume        = {18},
  number        = {2},
  pages         = {520-527},
  month         = {May},
  issn          = {0885-8950},
  bdsk-url-1    = {http://dx.doi.org/10.1109/TPWRS.2003.810692},
  date-added    = {2017-07-21 09:24:45 +0000},
  date-modified = {2017-07-21 09:24:54 +0000},
  doi           = {10.1109/TPWRS.2003.810692},
}

@Article{Friedman,
  author    = {Friedman, Jerome H.},
  title     = {Greedy function approximation: A gradient boosting machine.},
  journal   = {Ann. Statist.},
  year      = {2001},
  volume    = {29},
  number    = {5},
  pages     = {1189--1232},
  month     = {10},
  doi       = {10.1214/aos/1013203451},
  fjournal  = {The Annals of Statistics},
  publisher = {The Institute of Mathematical Statistics},
}

@Manual{Ridgeway,
  title  = {Generalized boosted models: A guide to the gbm package},
  author = {Greg Ridgeway},
  month  = may,
  year   = {2012},
}

@Book{Bishop,
  title     = {Pattern recognition and machine learning},
  publisher = {Springer Seminars in Immunopathology},
  year      = {2006},
  author    = {Christopher M. Bishop},
  editor    = {M. Jordan},
}

@Book{Duda,
  title     = {Pattern Classification},
  publisher = {John Wiley \& Sons},
  year      = {2012},
  author    = {Ricahrd O. Duda and Peter E. Hart and David G. Stork},
}

@Article{Haben,
  author   = {Stephen Haben and Georgios Giasemidis},
  title    = {A hybrid model of kernel density estimation and quantile regression for GEFCom2014 probabilistic load forecasting},
  journal  = {International Journal of Forecasting},
  year     = {2016},
  volume   = {32},
  number   = {3},
  pages    = {1017 - 1022},
  issn     = {0169-2070},
  doi      = {https://doi.org/10.1016/j.ijforecast.2015.11.004},
  keywords = {Probabilistic load forecast, Kernel density estimation, Quantile regression, GEFCom2014},
}

@Article{Meinshausen,
  author     = {Meinshausen, Nicolai},
  title      = {Quantile Regression Forests},
  journal    = {J. Mach. Learn. Res.},
  year       = {2006},
  volume     = {7},
  pages      = {983--999},
  month      = dec,
  issn       = {1532-4435},
  acmid      = {1248582},
  issue_date = {12/1/2006},
  numpages   = {17},
  publisher  = {JMLR.org},
}

@Article{Hong2016,
  author   = {Tao Hong and Pierre Pinson and Shu Fan and Hamidreza Zareipour and Alberto Troccoli and Rob J. Hyndman},
  title    = {Probabilistic energy forecasting: Global Energy Forecasting Competition 2014 and beyond},
  journal  = {International Journal of Forecasting},
  year     = {2016},
  volume   = {32},
  number   = {3},
  pages    = {896 - 913},
  issn     = {0169-2070},
  doi      = {https://doi.org/10.1016/j.ijforecast.2016.02.001},
  keywords = {Electric load forecasting, Electricity price forecasting, Wind power forecasting, Solar power forecasting, Probabilistic forecasting, Forecasting competition},
}

@Article{chen2009short,
  author    = {Chen, Ying and Luh, Peter B and Guan, Che and Zhao, Yige and Michel, Laurent D and Coolbeth, Matthew A and Friedland, Peter B and Rourke, Stephen J},
  title     = {Short-term load forecasting: Similar day-based wavelet neural networks},
  journal   = {IEEE Transactions on Power Systems},
  year      = {2009},
  volume    = {25},
  number    = {1},
  pages     = {322--330},
  publisher = {IEEE},
}

@Article{bacher2013short,
  author    = {Bacher, Peder and Madsen, Henrik and Nielsen, Henrik Aalborg and Perers, Bengt},
  title     = {Short-term heat load forecasting for single family houses},
  journal   = {Energy and buildings},
  year      = {2013},
  volume    = {65},
  pages     = {101--112},
  publisher = {Elsevier},
}

@Article{xie2016temperature,
  author    = {Xie, Jingrui and Hong, Tao},
  title     = {Temperature scenario generation for probabilistic load forecasting},
  journal   = {IEEE Transactions on Smart Grid},
  year      = {2016},
  volume    = {9},
  number    = {3},
  pages     = {1680--1687},
  publisher = {IEEE},
}

@Article{xie2016relative,
  author    = {Xie, Jingrui and Chen, Ying and Hong, Tao and Laing, Thomas D},
  title     = {Relative humidity for load forecasting models},
  journal   = {IEEE Transactions on Smart Grid},
  year      = {2016},
  volume    = {9},
  number    = {1},
  pages     = {191--198},
  publisher = {IEEE},
}

@Article{hong2019global,
  author    = {Hong, Tao and Xie, Jingrui and Black, Jonathan},
  title     = {Global energy forecasting competition 2017: Hierarchical probabilistic load forecasting},
  journal   = {International Journal of Forecasting},
  year      = {2019},
  publisher = {Elsevier},
}

@Article{xie2017variable,
  author    = {Xie, Jingrui and Hong, Tao},
  title     = {Variable selection methods for probabilistic load forecasting: Empirical evidence from seven states of the united states},
  journal   = {IEEE Transactions on Smart Grid},
  year      = {2017},
  volume    = {9},
  number    = {6},
  pages     = {6039--6046},
  publisher = {IEEE},
}

@Article{TIMESERIES,
  author  = {Lee, Y. W. and Tay, K. G. and Choy, Y. Y.},
  journal = {International Journal of Engineering \& Technology},
  title   = {Forecasting electricity consumption using time series model},
  year    = {2018},
  number  = {4},
  pages   = {218--223},
  volume  = {7},
}

@InProceedings{grenier2006short,
  author       = {Grenier, M},
  booktitle    = {2006 IEEE Power Engineering Society General Meeting},
  title        = {Short-term load forecasting at Hydro-Qu{\'e}bec Trans{\'E}nergie},
  year         = {2006},
  organization = {IEEE},
  pages        = {5--pp},
}

@Book{shahide,
  author    = {Shahidehpour, Mohammad and Yamin, Hatim and Li, Zuyi},
  publisher = {John Wiley \& Sons},
  title     = {Market operations in electric power systems: forecasting, scheduling, and risk management},
  year      = {2003},
}

@Book{Kirschen2018,
  author    = {Kirschen, Daniel S and Strbac, Goran},
  publisher = {John Wiley \& Sons},
  title     = {Fundamentals of power system economics},
  year      = {2018},
}

@Article{zolezzi2002,
  author    = {Zolezzi, Juan M and Rudnick, Hugh},
  journal   = {IEEE Transactions on power systems},
  title     = {Transmission cost allocation by cooperative games and coalition formation},
  year      = {2002},
  number    = {4},
  pages     = {1008--1015},
  volume    = {17},
  publisher = {IEEE},
}

@Article{conejo2007z,
  author    = {Conejo, Antonio J and Contreras, Javier and Lima, Delberis A and Padilha-Feltrin, Antonio},
  journal   = {IEEE transactions on power systems},
  title     = {$Z_{bus}$ Transmission Network Cost Allocation},
  year      = {2007},
  number    = {1},
  pages     = {342--349},
  volume    = {22},
  publisher = {IEEE},
}

@InProceedings{chaitusaney2002ac,
  author       = {Chaitusaney, Surachai and Eua-Arporn, Bundhit},
  booktitle    = {IEEE/PES Transmission and Distribution Conference and Exhibition},
  title        = {AC power flow sensitivities for transmission cost allocation},
  year         = {2002},
  organization = {IEEE},
  pages        = {858--863},
  volume       = {2},
}

@Article{han2020long,
  author    = {Han, Sini and Kim, Hyeon-Jin and Lee, Duehee},
  journal   = {Energies},
  title     = {A long-term evaluation on transmission line expansion planning with multistage stochastic programming},
  year      = {2020},
  number    = {8},
  pages     = {1899},
  volume    = {13},
  publisher = {Multidisciplinary Digital Publishing Institute},
}

@Article{76685,
  author  = {Park, D.C. and El-Sharkawi, M.A. and Marks, R.J. and Atlas, L.E. and Damborg, M.J.},
  journal = {IEEE Transactions on Power Systems},
  title   = {Electric load forecasting using an artificial neural network},
  year    = {1991},
  number  = {2},
  pages   = {442-449},
  volume  = {6},
  doi     = {10.1109/59.76685},
}

@Article{burger2014managing,
  author    = {Burger, Markus and Graeber, Bernhard and Schindlmayr, Gero},
  title     = {Managing energy risk: An integrated view on power and other energy markets},
  year      = {2014},
  publisher = {John Wiley \& Sons},
}

@Comment{jabref-meta: databaseType:bibtex;}
