@Book{shahidehpour2003market,
  author    = {Shahidehpour, Mohammad and Yamin, Hatim and Li, Zuyi},
  publisher = {John Wiley \& Sons},
  title     = {Market operations in electric power systems: forecasting, scheduling, and risk management},
  year      = {2003},
}

@InCollection{kotler2010prosumer,
  author    = {Kotler, Philip},
  booktitle = {Prosumer revisited},
  publisher = {Springer},
  title     = {The prosumer movement},
  year      = {2010},
  pages     = {51--60},
}

@Article{haffner2008multistage,
  author    = {Haffner, S{\'e}rgio and Pereira, Lu{\'\i}s Fernando Alves and Pereira, Lu{\'\i}s Alberto and Barreto, Lucio Sangio},
  journal   = {IEEE Transactions on Power Delivery},
  title     = {Multistage model for distribution expansion planning with distributed generation—Part I: Problem formulation},
  year      = {2008},
  number    = {2},
  pages     = {915--923},
  volume    = {23},
  publisher = {IEEE},
}

@Article{bradbury2014economic,
  author    = {Bradbury, Kyle and Pratson, Lincoln and Pati{\~n}o-Echeverri, Dalia},
  journal   = {Applied Energy},
  title     = {Economic viability of energy storage systems based on price arbitrage potential in real-time US electricity markets},
  year      = {2014},
  pages     = {512--519},
  volume    = {114},
  publisher = {Elsevier},
}

@Book{edwards2009energy,
  author    = {Edwards, Davis W},
  publisher = {McGraw-Hill Education},
  title     = {Energy trading and investing: Trading, risk management and structuring deals in the energy market},
  year      = {2009},
}

@Article{chung2005transmission,
  author    = {Chung, Koo-Hyung and Kim, Balho H and Hur, Don and Park, Jong-Keun},
  journal   = {Electric power systems research},
  title     = {Transmission reliability cost allocation method based on market participants’ reliability contribution factors},
  year      = {2005},
  number    = {1},
  pages     = {31--36},
  volume    = {73},
  publisher = {Elsevier},
}

@Article{conejo2007z_,
  author    = {Conejo, Antonio J and Contreras, Javier and Lima, Delberis A and Padilha-Feltrin, Antonio},
  journal   = {IEEE transactions on power systems},
  title     = {Zbus Transmission Network Cost Allocation},
  year      = {2007},
  number    = {1},
  pages     = {342--349},
  volume    = {22},
  publisher = {IEEE},
}

@Manual{Ridgeway2012,
  title  = {Generalized boosted models: A guide to the gbm package},
  author = {Greg Ridgeway},
  month  = may,
  year   = {2012},
}

@InProceedings{Grenier2006,
  author       = {Grenier, M},
  booktitle    = {2006 IEEE Power Engineering Society General Meeting},
  title        = {Short-term load forecasting at Hydro-Qu{\'e}bec Trans{\'E}nergie},
  year         = {2006},
  organization = {IEEE},
  pages        = {5--pp},
}

@InProceedings{Chaitusaney2002,
  author       = {Chaitusaney, Surachai and Eua-Arporn, Bundhit},
  booktitle    = {IEEE/PES Transmission and Distribution Conference and Exhibition},
  title        = {AC power flow sensitivities for transmission cost allocation},
  year         = {2002},
  organization = {IEEE},
  pages        = {858--863},
  volume       = {2},
}

@Book{Bishop2006,
  author    = {Christopher M. Bishop},
  editor    = {M. Jordan},
  publisher = {Springer Seminars in Immunopathology},
  title     = {Pattern recognition and machine learning},
  year      = {2006},
}

@Book{Duda2012,
  author    = {Ricahrd O. Duda and Peter E. Hart and David G. Stork},
  publisher = {John Wiley \& Sons},
  title     = {Pattern Classification},
  year      = {2012},
}

@Book{Kirschen2018,
  author    = {Kirschen, Daniel S and Strbac, Goran},
  publisher = {John Wiley \& Sons},
  title     = {Fundamentals of power system economics},
  year      = {2018},
}

@Article{Xie2017,
  author        = {J. Xie and T. Hong and T. Laing and C. Kang},
  journal       = {IEEE Transactions on Smart Grid},
  title         = {On Normality Assumption in Residual Simulation for Probabilistic Load Forecasting},
  year          = {2017},
  issn          = {1949-3053},
  month         = {May},
  number        = {3},
  pages         = {1046-1053},
  volume        = {8},
  bdsk-url-1    = {http://dx.doi.org/10.1109/TSG.2015.2447007},
  date-added    = {2017-07-20 12:58:18 +0000},
  date-modified = {2017-07-20 12:58:29 +0000},
  doi           = {10.1109/TSG.2015.2447007},
}

@Article{Liu2017,
  author        = {B. Liu and J. Nowotarski and T. Hong and R. Weron},
  journal       = {IEEE Transactions on Smart Grid},
  title         = {Probabilistic Load Forecasting via Quantile Regression Averaging on Sister Forecasts},
  year          = {2017},
  issn          = {1949-3053},
  month         = {March},
  number        = {2},
  pages         = {730-737},
  volume        = {8},
  bdsk-url-1    = {http://dx.doi.org/10.1109/TSG.2015.2437877},
  date-added    = {2017-07-20 11:20:53 +0000},
  date-modified = {2017-07-20 11:21:08 +0000},
  doi           = {10.1109/TSG.2015.2437877},
}

@Article{Gaillard2016,
  author        = {Pierre Gaillard and Yannig Goude and Rapha{\"e}l Nedellec},
  journal       = {International Journal of Forecasting},
  title         = {Additive models and robust aggregation for GEFCom2014 probabilistic electric load and electricity price forecasting},
  year          = {2016},
  issn          = {0169-2070},
  number        = {3},
  pages         = {1038 - 1050},
  volume        = {32},
  bdsk-url-1    = {http://www.sciencedirect.com/science/article/pii/S0169207015001545},
  bdsk-url-2    = {http://dx.doi.org/10.1016/j.ijforecast.2015.12.001},
  date-added    = {2017-07-11 08:37:36 +0000},
  date-modified = {2017-07-20 13:05:54 +0000},
}

@Article{Xie2016,
  author        = {Jingrui Xie and Tao Hong},
  journal       = {International Journal of Forecasting},
  title         = {GEFCom2014 probabilistic electric load forecasting: An integrated solution with forecast combination and residual simulation},
  year          = {2016},
  issn          = {0169-2070},
  number        = {3},
  pages         = {1012 - 1016},
  volume        = {32},
  bdsk-url-1    = {http://www.sciencedirect.com/science/article/pii/S0169207015001405},
  bdsk-url-2    = {http://dx.doi.org/10.1016/j.ijforecast.2015.11.005},
  date-added    = {2017-07-20 12:56:19 +0000},
  date-modified = {2017-07-20 12:56:35 +0000},
}

@Article{Mangalova2016,
  author        = {Ekaterina Mangalova and Olesya Shesterneva},
  journal       = {International Journal of Forecasting},
  title         = {Sequence of nonparametric models for GEFCom2014 probabilistic electric load forecasting},
  year          = {2016},
  issn          = {0169-2070},
  number        = {3},
  pages         = {1023 - 1028},
  volume        = {32},
  bdsk-url-1    = {http://www.sciencedirect.com/science/article/pii/S0169207015001363},
  bdsk-url-2    = {http://dx.doi.org/10.1016/j.ijforecast.2015.11.001},
  date-added    = {2017-07-21 11:23:01 +0000},
  date-modified = {2017-07-21 11:23:18 +0000},
  doi           = {http://dx.doi.org/10.1016/j.ijforecast.2015.11.001},
  keywords      = {Sequence of estimators},
}

@Article{Hong2014,
  author        = {T. Hong and J. Wilson and J. Xie},
  journal       = {IEEE Transactions on Smart Grid},
  title         = {Long Term Probabilistic Load Forecasting and Normalization With Hourly Information},
  year          = {2014},
  issn          = {1949-3053},
  month         = {Jan},
  number        = {1},
  pages         = {456-462},
  volume        = {5},
  bdsk-url-1    = {http://dx.doi.org/10.1109/TSG.2013.2274373},
  date-added    = {2017-07-20 12:57:14 +0000},
  date-modified = {2017-07-20 13:06:02 +0000},
  doi           = {10.1109/TSG.2013.2274373},
}

@Article{Kirschen2003,
  author        = {D. S. Kirschen},
  journal       = {IEEE Transactions on Power Systems},
  title         = {Demand-side view of electricity markets},
  year          = {2003},
  issn          = {0885-8950},
  month         = {May},
  number        = {2},
  pages         = {520-527},
  volume        = {18},
  bdsk-url-1    = {http://dx.doi.org/10.1109/TPWRS.2003.810692},
  date-added    = {2017-07-21 09:24:45 +0000},
  date-modified = {2017-07-21 09:24:54 +0000},
  doi           = {10.1109/TPWRS.2003.810692},
}

@Article{Friedman2001,
  author    = {Friedman, Jerome H.},
  journal   = {Ann. Statist.},
  title     = {Greedy function approximation: A gradient boosting machine.},
  year      = {2001},
  month     = {10},
  number    = {5},
  pages     = {1189--1232},
  volume    = {29},
  doi       = {10.1214/aos/1013203451},
  fjournal  = {The Annals of Statistics},
  publisher = {The Institute of Mathematical Statistics},
}

@Article{Haben2016,
  author   = {Stephen Haben and Georgios Giasemidis},
  journal  = {International Journal of Forecasting},
  title    = {A hybrid model of kernel density estimation and quantile regression for GEFCom2014 probabilistic load forecasting},
  year     = {2016},
  issn     = {0169-2070},
  number   = {3},
  pages    = {1017 - 1022},
  volume   = {32},
  doi      = {https://doi.org/10.1016/j.ijforecast.2015.11.004},
  keywords = {Probabilistic load forecast, Kernel density estimation, Quantile regression, GEFCom2014},
}

@Article{Meinshausen2006,
  author     = {Meinshausen, Nicolai},
  journal    = {J. Mach. Learn. Res.},
  title      = {Quantile Regression Forests},
  year       = {2006},
  issn       = {1532-4435},
  month      = dec,
  pages      = {983--999},
  volume     = {7},
  acmid      = {1248582},
  issue_date = {12/1/2006},
  numpages   = {17},
  publisher  = {JMLR.org},
}

@Article{Hong2016,
  author   = {Tao Hong and Pierre Pinson and Shu Fan and Hamidreza Zareipour and Alberto Troccoli and Rob J. Hyndman},
  title    = {Probabilistic energy forecasting: Global Energy Forecasting Competition 2014 and beyond},
  journal  = {International Journal of Forecasting},
  year     = {2016},
  volume   = {32},
  number   = {3},
  pages    = {896 - 913},
  issn     = {0169-2070},
  doi      = {https://doi.org/10.1016/j.ijforecast.2016.02.001},
  keywords = {Electric load forecasting, Electricity price forecasting, Wind power forecasting, Solar power forecasting, Probabilistic forecasting, Forecasting competition},
}

@Article{Chen2009,
  author    = {Chen, Ying and Luh, Peter B and Guan, Che and Zhao, Yige and Michel, Laurent D and Coolbeth, Matthew A and Friedland, Peter B and Rourke, Stephen J},
  journal   = {IEEE Transactions on Power Systems},
  title     = {Short-term load forecasting: Similar day-based wavelet neural networks},
  year      = {2009},
  number    = {1},
  pages     = {322--330},
  volume    = {25},
  publisher = {IEEE},
}

@Article{Bacher2013,
  author    = {Bacher, Peder and Madsen, Henrik and Nielsen, Henrik Aalborg and Perers, Bengt},
  journal   = {Energy and buildings},
  title     = {Short-term heat load forecasting for single family houses},
  year      = {2013},
  pages     = {101--112},
  volume    = {65},
  publisher = {Elsevier},
}

@Article{Xie2016a,
  author    = {Xie, Jingrui and Hong, Tao},
  journal   = {IEEE Transactions on Smart Grid},
  title     = {Temperature scenario generation for probabilistic load forecasting},
  year      = {2016},
  number    = {3},
  pages     = {1680--1687},
  volume    = {9},
  publisher = {IEEE},
}

@Article{Xie2016b,
  author    = {Xie, Jingrui and Chen, Ying and Hong, Tao and Laing, Thomas D},
  journal   = {IEEE Transactions on Smart Grid},
  title     = {Relative humidity for load forecasting models},
  year      = {2016},
  number    = {1},
  pages     = {191--198},
  volume    = {9},
  publisher = {IEEE},
}

@Article{Hong2019,
  author    = {Hong, Tao and Xie, Jingrui and Black, Jonathan},
  journal   = {International Journal of Forecasting},
  title     = {Global energy forecasting competition 2017: Hierarchical probabilistic load forecasting},
  year      = {2019},
  publisher = {Elsevier},
}

@Article{Xie2017a,
  author    = {Xie, Jingrui and Hong, Tao},
  journal   = {IEEE Transactions on Smart Grid},
  title     = {Variable selection methods for probabilistic load forecasting: Empirical evidence from seven states of the united states},
  year      = {2017},
  number    = {6},
  pages     = {6039--6046},
  volume    = {9},
  publisher = {IEEE},
}

@Article{Lee2018,
  author  = {Lee, Y. W. and Tay, K. G. and Choy, Y. Y.},
  journal = {International Journal of Engineering \& Technology},
  title   = {Forecasting electricity consumption using time series model},
  year    = {2018},
  number  = {4},
  pages   = {218--223},
  volume  = {7},
}

@Article{Zolezzi2002,
  author    = {Zolezzi, Juan M and Rudnick, Hugh},
  journal   = {IEEE Transactions on power systems},
  title     = {Transmission cost allocation by cooperative games and coalition formation},
  year      = {2002},
  number    = {4},
  pages     = {1008--1015},
  volume    = {17},
  publisher = {IEEE},
}

@Article{Han2020,
  author    = {Han, Sini and Kim, Hyeon-Jin and Lee, Duehee},
  journal   = {Energies},
  title     = {A long-term evaluation on transmission line expansion planning with multistage stochastic programming},
  year      = {2020},
  number    = {8},
  pages     = {1899},
  volume    = {13},
  publisher = {Multidisciplinary Digital Publishing Institute},
}

@Article{Park1991,
  author  = {Park, D.C. and El-Sharkawi, M.A. and Marks, R.J. and Atlas, L.E. and Damborg, M.J.},
  journal = {IEEE Transactions on Power Systems},
  title   = {Electric load forecasting using an artificial neural network},
  year    = {1991},
  number  = {2},
  pages   = {442-449},
  volume  = {6},
  doi     = {10.1109/59.76685},
}

@Article{Burger2014,
  author    = {Burger, Markus and Graeber, Bernhard and Schindlmayr, Gero},
  title     = {Managing energy risk: An integrated view on power and other energy markets},
  year      = {2014},
  publisher = {John Wiley \& Sons},
}

@Article{abhyankar2006optimization,
  author    = {Abhyankar, AR and Soman, SA and Khaparde, SA},
  journal   = {IEEE transactions on power systems},
  title     = {Optimization approach to real power tracing: an application to transmission fixed cost allocation},
  year      = {2006},
  number    = {3},
  pages     = {1350--1361},
  volume    = {21},
  publisher = {IEEE},
}

@Article{galiana2003transmission,
  author    = {Galiana, Francisco D and Conejo, Antonio J and Gil, Hugo A},
  journal   = {IEEE Transactions on Power Systems},
  title     = {Transmission network cost allocation based on equivalent bilateral exchanges},
  year      = {2003},
  number    = {4},
  pages     = {1425--1431},
  volume    = {18},
  publisher = {IEEE},
}

@Article{gil2005multiarea,
  author    = {Gil, Hugo A and Galiana, Francisco D and Conejo, Antonio J},
  journal   = {IEEE Transactions on Power Systems},
  title     = {Multiarea transmission network cost allocation},
  year      = {2005},
  number    = {3},
  pages     = {1293--1301},
  volume    = {20},
  publisher = {IEEE},
}

@Article{tsukamoto1996allocation,
  author    = {Tsukamoto, Yukitoki and Iyoda, Isao},
  journal   = {IEEE Transactions on Power Systems},
  title     = {Allocation of fixed transmission cost to wheeling transactions by cooperative game theory},
  year      = {1996},
  number    = {2},
  pages     = {620--629},
  volume    = {11},
  publisher = {IEEE},
}

@Article{ruiz2007effective,
  author    = {Ruiz, Pablo A and Contreras, Javier},
  journal   = {IEEE transactions on power systems},
  title     = {An effective transmission network expansion cost allocation based on game theory},
  year      = {2007},
  number    = {1},
  pages     = {136--144},
  volume    = {22},
  publisher = {IEEE},
}

@Article{evans2003cost,
  author    = {Evans, Francisco and Zolezzi, Juan M and Rudnick, Hugh},
  journal   = {IEEE Transactions on Power Systems},
  title     = {Cost assignment model for electrical transmission system expansion: An approach through the kernel theory},
  year      = {2003},
  number    = {2},
  pages     = {625--632},
  volume    = {18},
  publisher = {IEEE},
}

@Article{zolezzi2002transmission,
  author    = {Zolezzi, Juan M and Rudnick, Hugh},
  journal   = {IEEE Transactions on power systems},
  title     = {Transmission cost allocation by cooperative games and coalition formation},
  year      = {2002},
  number    = {4},
  pages     = {1008--1015},
  volume    = {17},
  publisher = {IEEE},
}

@Article{erli2005transmission,
  author    = {Erli, Ge and Takahasi, Kazuhiro and Chen, Luonan and Kurihara, Ikuo},
  journal   = {International Journal of Electrical Power \& Energy Systems},
  title     = {Transmission expansion cost allocation based on cooperative game theory for congestion relief},
  year      = {2005},
  number    = {1},
  pages     = {61--67},
  volume    = {27},
  publisher = {Elsevier},
}

@Article{kirschen1997contributions,
  author    = {Kirschen, Daniel and Allan, Ron and Strbac, Goran},
  journal   = {IEEE Transactions on power systems},
  title     = {Contributions of individual generators to loads and flows},
  year      = {1997},
  number    = {1},
  pages     = {52--60},
  volume    = {12},
  publisher = {IEEE},
}

@TechReport{fink2011survey,
  author      = {Fink, Sari and Porter, Kevin and Mudd, Christina and Rogers, Jennifer},
  institution = {National Renewable Energy Lab.(NREL), Golden, CO (United States)},
  title       = {Survey of transmission cost allocation methodologies for regional transmission organizations},
  year        = {2011},
}

@Comment{jabref-meta: databaseType:bibtex;}
