@Article{rockstrom2017roadmap,
  author    = {Rockstr{\"o}m, Johan and Gaffney, Owen and Rogelj, Joeri and Meinshausen, Malte and Nakicenovic, Nebojsa and Schellnhuber, Hans Joachim},
  journal   = {Science},
  title     = {A roadmap for rapid decarbonization},
  year      = {2017},
  number    = {6331},
  pages     = {1269--1271},
  volume    = {355},
  publisher = {American Association for the Advancement of Science},
}

@InCollection{ranalder2021renewables,
  author    = {Ranalder, Lea and Busch, Henner and Hansen, Teis and Brommer, Marit and Couture, Toby and Gibb, Duncan and Guerra, Fl{\'a}via and Nana, Joel and Reddy, Yachika and Sawin, Janet and others},
  booktitle = {REN21 Secretariat},
  title     = {Renewables in Cities 2021 Global Status Report},
  year      = {2021},
}

@Article{Bull2001,
  author    = {Bull, Stanley R},
  journal   = {Proceedings of the IEEE},
  title     = {Renewable energy today and tomorrow},
  year      = {2001},
  number    = {8},
  pages     = {1216--1226},
  volume    = {89},
  publisher = {IEEE},
}

@Article{shahzad2012need,
  author  = {Shahzad, Umair},
  journal = {energy},
  title   = {The need for renewable energy sources},
  year    = {2012},
  pages   = {16--18},
  volume  = {2},
}

@Article{zahedi2011review,
  author    = {Zahedi, Ahmad},
  journal   = {Renewable and Sustainable Energy Reviews},
  title     = {A review of drivers, benefits, and challenges in integrating renewable energy sources into electricity grid},
  year      = {2011},
  number    = {9},
  pages     = {4775--4779},
  volume    = {15},
  publisher = {Elsevier},
}

@Book{santoso2012electrical,
  author    = {Santoso, Surya and McGranaghan, Mark and Dugan, Roger and Beaty, H},
  publisher = {McGraw-Hill Education},
  title     = {Electrical power systems quality},
  year      = {2012},
}

@Article{wang2016enhancing,
  author    = {Wang, Qin and Hodge, Bri-Mathias},
  journal   = {IEEE Transactions on Industrial Informatics},
  title     = {Enhancing power system operational flexibility with flexible ramping products: A review},
  year      = {2016},
  number    = {4},
  pages     = {1652--1664},
  volume    = {13},
  publisher = {IEEE},
}

@Article{dreidy2017inertia,
  author    = {Dreidy, Mohammad and Mokhlis, H and Mekhilef, Saad},
  journal   = {Renewable and sustainable energy reviews},
  title     = {Inertia response and frequency control techniques for renewable energy sources: A review},
  year      = {2017},
  pages     = {144--155},
  volume    = {69},
  publisher = {Elsevier},
}

@Article{lee2013short,
  author    = {Lee, Duehee and Baldick, Ross},
  journal   = {IEEE Transactions on Smart Grid},
  title     = {Short-term wind power ensemble prediction based on Gaussian processes and neural networks},
  year      = {2013},
  number    = {1},
  pages     = {501--510},
  volume    = {5},
  publisher = {IEEE},
}

@InProceedings{lee2016probabilistic,
  author       = {Lee, Duehee and Baldick, Ross},
  booktitle    = {2016 IEEE/PES Transmission and Distribution Conference and Exposition (T\&D)},
  title        = {Probabilistic wind power forecasting based on the laplace distribution and golden search},
  year         = {2016},
  organization = {IEEE},
  pages        = {1--5},
}

@Article{agoua2017short,
  author    = {Agoua, Xw{\'e}gnon Ghislain and Girard, Robin and Kariniotakis, George},
  journal   = {IEEE Transactions on Sustainable Energy},
  title     = {Short-term spatio-temporal forecasting of photovoltaic power production},
  year      = {2017},
  number    = {2},
  pages     = {538--546},
  volume    = {9},
  publisher = {IEEE},
}

@Article{shim2013synergistic,
  author    = {Shim, Jae Woong and Cho, Youngho and Kim, Seog-Joo and Min, Sang Won and Hur, Kyeon},
  journal   = {IEEE transactions on applied superconductivity},
  title     = {Synergistic control of SMES and battery energy storage for enabling dispatchability of renewable energy sources},
  year      = {2013},
  number    = {3},
  pages     = {5701205--5701205},
  volume    = {23},
  publisher = {IEEE},
}

@Article{palma2013microgrid,
  author    = {Palma-Behnke, Rodrigo and Benavides, Carlos and Lanas, Fernando and Severino, Bernardo and Reyes, Lorenzo and Llanos, Jacqueline and S{\'a}ez, Doris},
  journal   = {IEEE Transactions on smart grid},
  title     = {A microgrid energy management system based on the rolling horizon strategy},
  year      = {2013},
  number    = {2},
  pages     = {996--1006},
  volume    = {4},
  publisher = {IEEE},
}

@Article{boeve2021asset,
  author  = {Boeve, S and Cherkasky, J and Schult, H and Bons, M},
  journal = {Comisi{\'o}n Europea},
  title   = {ASSET study on dynamic retail electricity prices},
  year    = {2021},
}

@Article{roozbehani2012volatility,
  author    = {Roozbehani, Mardavij and Dahleh, Munther A and Mitter, Sanjoy K},
  journal   = {IEEE Transactions on Power Systems},
  title     = {Volatility of power grids under real-time pricing},
  year      = {2012},
  number    = {4},
  pages     = {1926--1940},
  volume    = {27},
  publisher = {IEEE},
}

@Article{pei2016optimal,
  author    = {Pei, Wei and Du, Yan and Deng, Wei and Sheng, Kun and Xiao, Hao and Qu, Hui},
  journal   = {IEEE Transactions on Industrial Informatics},
  title     = {Optimal bidding strategy and intramarket mechanism of microgrid aggregator in real-time balancing market},
  year      = {2016},
  number    = {2},
  pages     = {587--596},
  volume    = {12},
  publisher = {IEEE},
}

@Article{wang2020day,
  author    = {Wang, Fei and Ge, Xinxin and Yang, Peng and Li, Kangping and Mi, Zengqiang and Siano, Pierluigi and Dui{\'c}, Neven},
  journal   = {Energy},
  title     = {Day-ahead optimal bidding and scheduling strategies for DER aggregator considering responsive uncertainty under real-time pricing},
  year      = {2020},
  pages     = {118765},
  volume    = {213},
  publisher = {Elsevier},
}

@Article{kazemi2014risk,
  author    = {Kazemi, Mostafa and Mohammadi-Ivatloo, Behnam and Ehsan, Mehdi},
  journal   = {IEEE Transactions on Power Systems},
  title     = {Risk-constrained strategic bidding of GenCos considering demand response},
  year      = {2014},
  number    = {1},
  pages     = {376--384},
  volume    = {30},
  publisher = {IEEE},
}

@Article{safdarian2013impacts,
  author    = {Safdarian, Amir and Fotuhi-Firuzabad, Mahmud and Lehtonen, Matti},
  journal   = {IEEE transactions on power delivery},
  title     = {Impacts of time-varying electricity rates on forward contract scheduling of DisCos},
  year      = {2013},
  number    = {2},
  pages     = {733--741},
  volume    = {29},
  publisher = {IEEE},
}

@Article{alipour2018hedging,
  author    = {Alipour, Manijeh and Zare, Kazem and Zareipour, Hamidreza and Seyedi, Heresh},
  journal   = {IEEE Transactions on Sustainable Energy},
  title     = {Hedging strategies for heat and electricity consumers in the presence of real-time demand response programs},
  year      = {2018},
  number    = {3},
  pages     = {1262--1270},
  volume    = {10},
  publisher = {IEEE},
}

@InProceedings{samadi2011optimal,
  author       = {Samadi, Pedram and Schober, Robert and Wong, Vincent WS},
  booktitle    = {2011 IEEE International Conference on Smart Grid Communications (SmartGridComm)},
  title        = {Optimal energy consumption scheduling using mechanism design for the future smart grid},
  year         = {2011},
  organization = {IEEE},
  pages        = {369--374},
}

@InProceedings{samadi2010optimal,
  author       = {Samadi, Pedram and Mohsenian-Rad, Amir-Hamed and Schober, Robert and Wong, Vincent WS and Jatskevich, Juri},
  booktitle    = {2010 First IEEE International Conference on Smart Grid Communications},
  title        = {Optimal real-time pricing algorithm based on utility maximization for smart grid},
  year         = {2010},
  organization = {IEEE},
  pages        = {415--420},
}

@InProceedings{fabra2021estimating,
  author    = {Fabra, Natalia and Rapson, David and Reguant, Mar and Wang, Jingyuan},
  booktitle = {AEA Papers and Proceedings},
  title     = {Estimating the Elasticity to Real-Time Pricing: Evidence from the Spanish Electricity Market},
  year      = {2021},
  pages     = {425--29},
  volume    = {111},
}

@Article{fallah2020charge,
  author    = {Fallah-Mehrjardi, Omid and Yaghmaee, Mohammad Hossein and Leon-Garcia, Alberto},
  journal   = {IEEE Transactions on Smart Grid},
  title     = {Charge scheduling of electric vehicles in smart parking-lot under future demands uncertainty},
  year      = {2020},
  number    = {6},
  pages     = {4949--4959},
  volume    = {11},
  publisher = {IEEE},
}

@Article{zou2018multistage,
  author    = {Zou, Jikai and Ahmed, Shabbir and Sun, Xu Andy},
  journal   = {IEEE transactions on Power Systems},
  title     = {Multistage stochastic unit commitment using stochastic dual dynamic integer programming},
  year      = {2018},
  number    = {3},
  pages     = {1814--1823},
  volume    = {34},
  publisher = {IEEE},
}

@Article{hreinsson2019continuous,
  author    = {Hreinsson, Kari and Scaglione, Anna and Analui, Bita},
  journal   = {IEEE Transactions on Power Systems},
  title     = {Continuous time multi-stage stochastic unit commitment with storage},
  year      = {2019},
  number    = {6},
  pages     = {4476--4489},
  volume    = {34},
  publisher = {IEEE},
}

@Comment{jabref-meta: databaseType:bibtex;}
